%%Speichern als Quelle.bib%%

@online{MensHealth,
    author = {Anna Schirmer},
    title = {Muskul√§re Dysbalancen
So erkennst du Ungleichgewichte in der Muskulatur rechtzeitig},
    year = 2024,
    url = {https://www.menshealth.de/krafttraining/so-erkennst-du-muskulaere-dysbalancen-rechtzeitig/},
    urldate = {2024-10-25}
}

@online{wissen.de,
    url = {https://www.wissen.de/lexikon/ambidexter},
    urldate = {2024-11-15}
}

@online{Vorlesung-Muskulatur-EMG,
    author = {Dr. Stefan Lehner},
    url = {https://moodle.hm.edu/pluginfile.php/1683667/mod_resource/content/3/Biomechanik%20-%20Lehner%20-%201%20-%20Muskulatur-EMG.pdf},
}

@online{Muskelkontraktion,
    url = {https://www.abiweb.de/biologie-neurobiologie/motorische-endplatte/muskelkontraktion.html}
}

@online{wikipedia,
    url = {https://de.wikipedia.org/wiki/Aktionspotential},
}

@online{ebay.de,
    title = {ebay.de},
    url = {https://www.ebay.de/itm/125987569675?chn=ps&_ul=DE&var=426946726412&_trkparms=ispr%3D1&amdata=enc%3A1cLhPMCjXTj6xQfK6DTyQLg34&norover=1&mkevt=1&mkrid=707-134425-41852-0&mkcid=2&mkscid=101&itemid=426946726412_125987569675&targetid=2381626844604&device=c&mktype=pla&googleloc=9196356&poi=&campaignid=21674357977&mkgroupid=167855164998&rlsatarget=aud-1161408264375:pla-2381626844604&abcId=10011854&merchantid=418103531&gad_source=1&gclid=CjwKCAjwg-24BhB_EiwA1ZOx8k2cVTxfAHQ233SqizUtVekIpebrzShmUw0y2HwL4LUibP8LkaOVqRoCSrQQAvD_BwE}}

@online{Arduino.cc,
    title = {Arduino.cc},
    url = {https://store.arduino.cc/en-de/products/arduino-nano},
}

@online{prilchen.de,
    title = {prilchen.de},
    url = {https://prilchen.de/eine-waage-mit-arduino-erstellen/},
}

@online{betterbodygroup.co.uk,
    title = {betterbodygroup.co.uk},
    url = {https://betterbodygroup.co.uk/improve-your-hip-mobility/#},
}

@online{valife.de, 
    title = {valife.de},
    url = {https://valife.de/ratgeber/reha-nach-sprunggelenkfraktur},
    }



